@article{dolev1983,
  title={On the security of public key protocols},
  author={Dolev, Danny and Yao, Andrew},
  journal={IEEE Transactions on information theory},
  volume={29},
  number={2},
  pages={198--208},
  year={1983},
  publisher={IEEE}
}

@inproceedings{standar2018,
  Address = {New York, NY, USA},
  title={{Next generation of CNS services and the enabling infrastructure “Anything that can be connected, will be connected”}},
  author={Standar, Michael},
  booktitle={18th Integrated Communications, Navigation and Surveillance Conference (ICNS)},
  pages={1--9},
  month = {April},
  year={2018},
  Publisher = {IEEE}
}

@inproceedings{maeurer20181,
	Address = {New York, NY, USA},
	Author = {M\"{a}urer, N. and Bilzhause, A.},
	Booktitle = {18th Integrated Communications, Navigation and Surveillance Conference (ICNS)},
	Date-Added = {2019-07-05 06:09:39 +0000},
	Date-Modified = {2019-07-05 08:29:17 +0000},
	Month = {April},
	Pages = {1A2/1-1A2-11},
	Publisher = {IEEE},
	Title = {{Paving the Way for an IT Security Architecture for LDACS: A Datalink Security Threat and Risk Analysis}},
	Year = {2018}
}


@techreport{zelkin2011,
  address = {Herndon, Virginia, USA},
  author = {{Zelkin, Natalie and Henriksen, Stephen}},
  institution = {NASA},
  month = {January},
  title  = {{L-Band Digital Aeronautical Communications System Engineering-Initial Safety and Security Risk Assessment and Mitigation}},
  type = {NASA/CR—2011-216327 SAA3–978–1},
  year   = {2011},
  
}

@techreport{graeupl2019,
	Address = {Oberpfaffenhofen, Germany},
	Author = {Gr\"{a}upl, T. and Rihacek, C. and Haindl, B.},
	Date-Modified = {2020-07-02 14:15:33 +0000},
	Institution = {German Aerospace Center (DLR)},
	Month = {August},
	Title = {{LDACS A/G Specification}},
	Type = {SESAR2020 PJ14-02-01 D3.3.030},
	Year = {2019}}

@article{bilzhause2017,
	Address = {New York, NY, USA},
	Author = {Bilzhause, A. and Belgacem, B. and Mostafa, M. and Gr\"{a}upl, T.},
	Date-Added = {2019-07-05 06:05:36 +0000},
	Date-Modified = {2020-07-02 14:02:41 +0000},
	Journal = {Aerospace and Electronic Systems Magazine},
	Month = {November},
	Number = {11},
	Pages = {22-33},
	Publisher = {IEEE},
	Title = {{Datalink Security in the L-band Digital Aeronautical Communications System (LDACS) for Air Traffic Management}},
	Volume = {32},
	Year = {2017}
}

@inproceedings{paterson2006,
  title={{Efficient identity-based signatures secure in the standard model}},
  author={Paterson, Kenneth G and Schuldt, Jacob CN},
  booktitle={Australasian Conference on Information Security and Privacy},
  pages={207--222},
  year={2006},
  organization={Springer}
}

@book{aumasson2017,
  title={{Serious cryptography: a practical introduction to modern encryption}},
  author={Aumasson, Jean-Philippe},
  year={2017},
  publisher={No Starch Press}
}

@inproceedings{schnell2019,
	Address = {New York, NY, USA},
	Author = {Schnell, M.},
	Booktitle = {19th Integrated Communications, Navigation and Surveillance Conference (ICNS)},
	Date-Added = {2019-07-05 05:54:47 +0000},
	Date-Modified = {2020-07-02 13:50:38 +0000},
	Month = {April},
	Pages = {1-10},
	Publisher = {IEEE},
	Title = {{Update on LDACS - The FCI Terrestrial Data Link}},
	Year = {2019}
}

@article{roosa2013,
  title={{Trust darknet: Control and compromise in the internet's certificate authority model}},
  author={Roosa, Steven B and Schultze, Stephen},
  journal={IEEE Internet Computing},
  volume={17},
  number={3},
  pages={18--25},
  year={2013},
  publisher={IEEE}
}

@inproceedings{patel2016,
  title={{ICAO air-ground security standards status ICNS conference 2016}},
  author={Patel, Vic},
  booktitle={2016 Integrated Communications Navigation and Surveillance (ICNS)},
  pages={1--31},
  year={2016},
  organization={IEEE}
}

@inproceedings{cohn2016,
  title={{On post-compromise security}},
  author={Cohn-Gordon, Katriel and Cremers, Cas and Garratt, Luke},
  booktitle={2016 IEEE 29th Computer Security Foundations Symposium (CSF)},
  pages={164--178},
  year={2016},
  organization={IEEE}
}




@InProceedings{lowe1997,
  author    = {Gavin Lowe},
  title     = {{A Hierarchy of Authentication Specification}},
  booktitle = {10th Computer Security Foundations Workshop {(CSFW} '97), June 10-12, 1997, Rockport, Massachusetts, {USA}},
  year      = {1997},
  pages     = {31--44},
  doi       = {10.1109/CSFW.1997.596782},
  timestamp = {Wed, 16 Oct 2019 14:14:49 +0200},
  url       = {https://doi.org/10.1109/CSFW.1997.596782},
}

@inproceedings{schmidt2012,
  author    = {Benedikt Schmidt and
               Simon Meier and
               Cas J. F. Cremers and
               David A. Basin},
  editor    = {Stephen Chong},
  title     = {{Automated Analysis of Diffie-Hellman Protocols and Advanced Security
               Properties}},
  booktitle = {25th {IEEE} Computer Security Foundations Symposium, {CSF} 2012, Cambridge,
               MA, USA, June 25-27, 2012},
  pages     = {78--94},
  publisher = {{IEEE} Computer Society},
  year      = {2012},
  url       = {https://doi.org/10.1109/CSF.2012.25},
  doi       = {10.1109/CSF.2012.25},
  timestamp = {Wed, 16 Oct 2019 14:14:49 +0200},
}

@INPROCEEDINGS{blanchet2001,
  AUTHOR = {Bruno Blanchet},
  TITLE = {An {E}fficient {C}ryptographic {P}rotocol {V}erifier {B}ased on {P}rolog {R}ules},
  BOOKTITLE = {14th IEEE Computer Security Foundations Workshop (CSFW-14)},
  PAGES = {82--96},
  YEAR = 2001,
  ADDRESS = {Cape Breton, Nova Scotia, Canada},
  MONTH = JUN,
  PUBLISHER = {IEEE Computer Society}
}

@inproceedings{cremers2008,
  author	= {C.J.F. Cremers},
  title		= {{The {S}cyther {T}ool: Verification, Falsification, and Analysis of Security Protocols}},
  year		= {2008},
  booktitle     = {Computer Aided Verification, 20th International
	  Conference, CAV 2008, Princeton, USA, Proc.},
  publisher     = {Springer},
  series        = {Lecture Notes in Computer Science},
  pages         = {414--418},
  volume        = {5123/2008},
  DOI		= {10.1007/978-3-540-70545-1\_38},
}

@InBook{basin2015,
  chapter   = {4},
  pages     = {100},
  title     = {{Model Checking Security Protocols}},
  publisher = {Springer},
  year      = {2015},
  author    = {David Basin and Cas Cremers and Catherine Meadow},
  booktitle = {Handbook of Model Checking},
  url       = {http://citeseerx.ist.psu.edu/viewdoc/download?doi=10.1.1.708.9043&rep=rep1&type=pdf},
}

@inproceedings{maggi2002,
  author    = {Paolo Maggi and
               Riccardo Sisto},
  editor    = {Dragan Bosnacki and
               Stefan Leue},
  title     = {{Using {SPIN} to Verify Security Properties of Cryptographic Protocols}},
  booktitle = {Model Checking of Software, 9th International {SPIN} Workshop, Grenoble,
               France, April 11-13, 2002, Proceedings},
  series    = {Lecture Notes in Computer Science},
  volume    = {2318},
  pages     = {187--204},
  publisher = {Springer},
  year      = {2002},
  url       = {https://doi.org/10.1007/3-540-46017-9\_14},
  doi       = {10.1007/3-540-46017-9\_14},
  timestamp = {Tue, 14 May 2019 10:00:36 +0200},
}

@inproceedings{dolev1981,
  author    = {Danny Dolev and
               Andrew Chi{-}Chih Yao},
  title     = {{On the Security of Public Key Protocols (Extended Abstract)}},
  booktitle = {22nd Annual Symposium on Foundations of Computer Science, Nashville,
               Tennessee, USA, 28-30 October 1981},
  pages     = {350--357},
  publisher = {{IEEE} Computer Society},
  year      = {1981},
  url       = {https://doi.org/10.1109/SFCS.1981.32},
  doi       = {10.1109/SFCS.1981.32},
  timestamp = {Wed, 16 Oct 2019 14:14:54 +0200},
}

@inproceedings{clarke1983,
author = {Clarke, E. M. and Emerson, E. A. and Sistla, A. P.},
title = {{Automatic Verification of Finite State Concurrent System Using Temporal Logic Specifications: A Practical Approach}},
year = {1983},
isbn = {0897910907},
publisher = {Association for Computing Machinery},
address = {New York, NY, USA},
url = {https://doi.org/10.1145/567067.567080},
doi = {10.1145/567067.567080},
booktitle = {Proceedings of the 10th ACM SIGACT-SIGPLAN Symposium on Principles of Programming Languages},
pages = {117–126},
numpages = {10},
location = {Austin, Texas},
series = {POPL ’83}
}

@Book{clarke2018,
  title     = {{Handbook of model checking}},
  publisher = {Springer International Publishing AG},
  year      = {2018},
  author    = {Clarke, Edmund M and Henzinger, Thomas A and Veith, Helmut and Bloem, Roderick},
  volume    = {10},
  doi       = {10.1007/s00165-019-00486-z},
  journal   = {Formal Asp. Comput.},
  timestamp = {Mon, 09 Sep 2019 08:32:25 +0200},
  url       = {https://doi.org/10.1007/s00165-019-00486-z},
}

@book{holzmann1991,
  title={{Design and validation of computer protocols}},
  author={Holzmann, Gerard J and Lieberman, William Slattery},
  volume={512},
  year={1991},
  publisher={Prentice hall Englewood Cliffs}
}

@inproceedings{cimatti1999,
  title={{NuSMV: A new symbolic model verifier}},
  author={Cimatti, Alessandro and Clarke, Edmund and Giunchiglia, Fausto and Roveri, Marco},
  booktitle={International conference on computer aided verification},
  pages={495--499},
  year={1999},
  organization={Springer}
}

@inproceedings{syverson1994,
  Title={{On Unifying some Cryptographic Protocol Logics}},
  Author={Syverson, Paul F and Van Oorschot, Paul C},
  Booktitle={Proceedings of 1994 IEEE Computer Society Symposium on Research in Security and Privacy},
  Pages={14--28},
  Year={1994},
  Publisher={IEEE}
}

@inproceedings{maeurer2020,
	Address = {New York, NY, USA},
	Author = {{M\"{a}urer, N., Gr\"{a}upl, T. and Schmitt, C.}},
	Booktitle = {39th Digital Avionics Systems Conference (DASC)},
	Month = {October},
	Pages = {1-10},
	Publisher = {IEEE},
	Title = {{Comparing Different Diffie-Hellman Key Exchange Flavors for LDACS}},
	Year = {2020}}

@techreport{maeurer-raw-ldacs-05,
	number =	{draft-maeurer-raw-ldacs-05},
	type =		{Internet-Draft},
	institution =	{Internet Engineering Task Force},
	publisher =	{Internet Engineering Task Force},
	note =		{Work in Progress},
	url =		{https://datatracker.ietf.org/doc/html/draft-maeurer-raw-ldacs-05},
        author =	{Nils Mäurer and Thomas Gräupl and Corinna Schmitt},
	title =		{{L-band Digital Aeronautical Communications System (LDACS)}},
	pagetotal =	30,
	year =		2020,
	month =		aug,
	day =		14,
	abstract =	{This document provides an overview of the architecture of the L-band Digital Aeronautical Communications System (LDACS), which provides a secure, scalable and spectrum efficient terrestrial data link for civil aviation. LDACS is a scheduled, reliable multi-application cellular broadband system with support for IPv6. LDACS shall provide a data link for IP network-based aircraft guidance. High reliability and availability for IP connectivity over LDACS are therefore essential.},
}

@inproceedings{bellido2019,
  title={{Towards Modern Air-to-Air Communications: the LDACS A2A Mode}},
  author={Bellido-Manganell, Miguel A and Schnell, Michael},
  booktitle={38th Digital Avionics Systems Conference (DASC)},
  keywords={https://ieeexplore.ieee.org/document/9081678/},
  pages={1-10},
  year={2019},
  publisher={IEEE}
}

@misc{iata2018,
	Author = {IATA},
	Month = {October},
	Publisher = {IATA},
	Series = {Press Serie 62},
	Title = {{IATA Forecast Predicts 8.2 billion Air Travelers in 2037}},
	Url = {https://www.iata.org/en/pressroom/pr/2018-10-24-02/},
	Year = {2020 (accessed Jun. 20, 2020)}
}

@misc{tamarinDoc2020,
	Title={{Tamarin Prover Manual}},
	Author={Basin, David and Cremers, Cas and Dreier, Jannik and Meier, Simon and Sasse, Ralf and Schmidt, Benedikt},
	Url={https://tamarin-prover.github.io/manual/index.html},
    Year={2020 (accessed Jul. 28,2020)}
}

@article{mahmoud2014,
	Address = {{Amsterdam, The Netherlands}},
	Author = {Slim, M. and Mahmoud, B. and Pirovano, A. and Larrieu, N.},
	Date-Added = {2019-07-05 05:50:30 +0000},
	Date-Modified = {2019-07-05 05:54:34 +0000},
	Journal = {Computer Science Review},
	Keywords = {https://www.sciencedirect.com/science/article/pii/S1574013714000021},
	Month = {May},
	Pages = {1-29},
	Publisher = {ELSEVIER B.V.},
	Title = {{Aeronautical Communication Transition From Analog to Digital Data: A Network Security Survey}},
	Volume = {11-12},
	Year = {2014}}

@techreport{EUROCONTROL2018,
	Address = {Brussels, Belgium},
	Author = {{EUROCONTROL Statistics and Forecast Service}},
	Date-Added = {2019-07-05 05:39:06 +0000},
	Date-Modified = {2019-07-05 07:53:33 +0000},
	Institution = {{EUROCONTROL}},
	Number = {2},
	Title = {{European Aviation in 2040 - Challenges of Growth}},
	Url = {https://www.eurocontrol.int/sites/default/files/content/documents/official-documents/reports/challenges-of-growth-2018.pdf},
	Year = {2018 (accessed July 5, 2019)},
	Bdsk-Url-1 = {https://www.eurocontrol.int/sites/default/files/content/documents/official-documents/reports/challenges-of-growth-2018.pdf}
}

@techreport{icao2019,
	Address = {Montreal, Canada},
	Author = {{Thomas Boegl (Rohde \& Schwarz), Mathias Rautenberg (Rohde \& Schwarz), Bernhard Haindl (FrequentisAG), Christoph Rihacek (Frequentis AG), Josef Meser (Frequentis AG), Pierluigi Fantappie (Leonardo), Noppadol Pringvanich (IATA), John Micallef (SITA), Klauspeter Hauf (DFS), John MacBride (UK NATS), Philippe Sacre (Eurocontrol), Bart van den Einden (Eurocontrol), Thomas Gräupl (DLR), and Michael Schnell (DLR)}},
	Institution = {{ICAO}},
	Title = {{LDACS White Paper–A Roll-out Scenario}},
	Url = {https://www.ldacs.com/wp-content/uploads/2013/12/ACP-DCIWG-IP01-LDACS-White-Paper.pdf},
	Year = {2019 (accessed June 6, 2020)},
	Month = {October},
}

@techreport{icao2018,
    Address = {Montreal, Canada},
    Title={{Finalization of LDACS Draft SARPs - Working Paper WP05 including Appendix}},
    Author = {International Civil Aviation Organization (ICAO)},
    Institution = {{ICAO}},
    Booktitle = {DCIWG (Data Communication Infrastructure Working Group)},
    Year={2018},
    Month={October},
}

@book{boyd2020,
  title={{Protocols for Authentication and Key Establishment}},
  author={Boyd, C. and Mathuria, A. and Stebila, D.},
  year={2020},
  publisher={Springer}
}

@misc{icao2020,
	Address = {Montreal, Canada},
	Author = {ICAO},
	Date-Modified = {2020-07-02 14:34:23 +0000},
	Howpublished = {\url{https://www.icao.int/sustainability/Documents/COVID-19/ICAO_Coronavirus_Econ_Impact.pdf}},
	Month = {May},
	Publisher = {ICAO - Air Transport Bureau},
	Title = {{Effects of Novel Coronavirus (COVID‐19) on Civil Aviation:Economic Impact Analysis}},
	Year = {2020 (accessed May 13, 2020)},
	Bdsk-Url-1 = {https://www.icao.int/sustainability/Documents/COVID-19/ICAO_Coronavirus_Econ_Impact.pdf}}

@article{hall2020,
  title={{Advancing Cyber Resilience in Aviation: An Industry Analysis}},
  author={Hall, A. and Wingfield, J. and De Moura, G. and Tiscareno, K.K.},
  journal = {World Economic Forum},
  pages={1-28},
  year={2020},
  organization={World Economic Forum}
}
	
@inproceedings{maeurer20182,
	Address = {New York, NY, USA},
	Author = {{M\"{a}urer, N. and Bilzhause, A.}},
	Booktitle = {37th Digital Avionics Systems Conference (DASC)},
	Date-Added = {2019-07-05 06:18:12 +0000},
	Date-Modified = {2019-07-05 08:26:53 +0000},
	Keywords = {https://ieeexplore.ieee.org/stamp/stamp.jsp?tp=&arnumber=8569878},
	Month = {September},
	Pages = {1-10},
	Publisher = {IEEE},
	Title = {{A Cybersecurity Architecture for the L-band Digital Aeronautical Communications System (LDACS)}},
	Year = {2018}
}

@inproceedings{maeurer20191,
	Address = {New York, NY, USA},
	Author = {M\"{a}urer, N. and Schmitt, C.},
	Booktitle = {19th Integrated Communications, Navigation and Surveillance Conference (ICNS)},
	Date-Added = {2019-07-05 07:11:53 +0000},
	Date-Modified = {2019-07-05 08:29:02 +0000},
	Keywords = {https://ieeexplore.ieee.org/abstract/document/8735139},
	Month = {April},
	Pages = {1A2/1-1A2-13},
	Publisher = {IEEE},
	Title = {{Towards Successful Realization of the LDACS Cybersecurity Architecture: An Updated Datalink Security Threat- and Risk Analysis}},
	Year = {2019}
}

@inproceedings{maeurer20192,
  title={{Evaluation of the LDACS Cybersecurity Implementation}},
  author={M{\"a}urer, Nils and Gr{\"a}upl, Thomas and Schmitt, Corinna},
  booktitle={38th Digital Avionics Systems Conference (DASC)},
  Keywords = {https://ieeexplore.ieee.org/document/9081786},
  pages={1-10},
  Month={September},
  year={2019},
  publisher={IEEE}
}

@misc{giraudon2014,
	Address = {Montreal, Canada},
	Author = {Giraudon, N. and Iannes, M. and Tamalet, S. and Lehmann, M. and Ben Mahmoud, S. and Larrieu, N. and Correas, A. and Fasetta, S.},
	Booktitle = {Aeronautical Communications Panel (ACP) ICAO},
	Date-Added = {2019-07-05 07:05:39 +0000},
	Date-Modified = {2019-07-09 10:00:21 +0000},
	Month = {December},
	Title = {{Part 1 - AeroMACS Safety and Security Analysis, Part 2 - AeroMACS Security Analysis}},
	Url = {https://www.icao.int/safety/acp/ACPWGF/ACP-WG-S-5/IP09%20-%20SESAR%20AeroMACS%20Safety%20and%20Security%20Analysis.pdf},
	Year = {2014 (accessed July 9, 2019)}
}
	
@inproceedings{crowe2017,
	Address = {New York, NY, USA},
	Author = {Crowe, B.},
	Booktitle = {WiMAX Forum at 16th Integrated Communications, Navigation and Surveillance Conference (ICNS)},
	Date-Added = {2019-07-05 06:11:58 +0000},
	Date-Modified = {2019-07-05 08:27:43 +0000},
	Keywords = {https://ieeexplore.ieee.org/stamp/stamp.jsp?tp=&arnumber=7486405},
	Month = {April},
	Pages = {1-19},
	Publisher = {IEEE},
	Title = {{Proposed AeroMACS PKI Specification is a Model for Global and National Aeronautical PKI Deployments}},
	Year = {2016}
}

@article{costin2012,
  title={{Ghost in the Air(Traffic): On Insecurity of ADS-B protocol and Practical Attacks onADS-B Devices}},
  author={Costin, A. and Francillon, A.},
  journal={Black Hat USA},
  Month={August},
  pages={1-10},
  year={2012},
  Organization = {EURECOM},
  Publisher = {BlackHat}
}

@inproceedings{niraula2018,
  title={{ATN/IPS Security Approach: Two-way Mutual Authentication, Data Integrity and Privacy}},
  author={Niraula, M. and Graefe, J. and Dlouhy, R. and Layton, M. and Stevenson, M.},
  booktitle={Integrated Communications, Navigation, Surveillance Conference},
  pages={1-17},
  year={2018},
  organization={IEEE}
}

@article{yang2018,
  title={{A Practical and Compatible Cryptographic Solution to ADS-B Security}},
  author={Yang, H. and Zhou, Q. and Yao, M. and Lu, R. and Li, H. and Zhang, X.},
  journal={IEEE Internet of Things Journal},
  volume={6},
  number={2},
  pages={3322-3334},
  year={2018},
  publisher={IEEE}
}

@article{blanchet2009,
  title={{Automatic verification of correspondences for security protocols}},
  author={Blanchet, Bruno},
  journal={Journal of Computer Security},
  volume={17},
  number={4},
  pages={363--434},
  year={2009},
  publisher={IOS Press}
}

@inproceedings{allamigeon2005n,
  title={{Reconstruction of attacks against cryptographic protocols}},
  author={Allamigeon, Xavier and Blanchet, Bruno},
  booktitle={18th IEEE Computer Security Foundations Workshop (CSFW'05)},
  pages={140--154},
  year={2005},
  organization={IEEE}
}

@incollection{cremers2009,
  title={{Comparing state spaces in automatic security protocol analysis}},
  author={Cremers, Cas JF and Lafourcade, Pascal and Nadeau, Philippe},
  booktitle={Formal to Practical Security},
  pages={70--94},
  year={2009},
  publisher={Springer}
}

@article{shinde2017,
  title={{Cryptographic protocols specification and verification - a survey}},
  author={Shinde, Amol H and Umbarkar, AJ and Pillai, NR},
  journal={ICTACT Journal on Communication Technology},
  volume={8},
  number={2},
  year={2017}
}

@misc{cispa2020,
	Author = {Cremers, Cas},
	Publisher = {CISPA},
	Title = {{Security protocol analysis tools}},
	Url = {https://people.cispa.io/cas.cremers/tools/index.html},
	Year = {2020 (accessed July 08, 2020)}
}
  
@inproceedings{meier2013,
    author = {Meier, Simon and Schmidt, Benedikt and Cremers, Cas and Basin, David},
    title = {{The TAMARIN Prover for the Symbolic Analysis of Security Protocols}},
    year = {2013},
    isbn = {9783642397981},
    publisher = {Springer-Verlag},
    address = {Berlin, Heidelberg},
    booktitle = {Proceedings of the 25th International Conference on Computer Aided Verification - Volume 8044},
    pages = {696–701},
    numpages = {6},
    location = {Saint Petersburg, Russia},
    series = {CAV 2013}
}
  
@INPROCEEDINGS{basin2014,
  author={B. {Schmidt} and R. {Sasse} and C. {Cremers} and D. {Basin}},
  booktitle={2014 IEEE Symposium on Security and Privacy}, 
  title={Automated Verification of Group Key Agreement Protocols}, 
  year={2014},
  volume={},
  number={},
  pages={179-194},
}

@ARTICLE{kim2018,
  author={D. {Basin} and C. {Cremers} and T. H. {Kim} and A. {Perrig} and R. {Sasse} and P. {Szalachowski}},
  journal={IEEE Transactions on Dependable and Secure Computing}, 
  title={{Design, Analysis, and Implementation of ARPKI: An Attack-Resilient Public-Key Infrastructure}}, 
  year={2018},
  volume={15},
  number={3},
  pages={393-408},}